@book{serre,
  title={Topics in Galois theory},
  author={Serre, Jean-Pierre},
  year={2016},
  publisher={AK Peters/CRC Press}
}
